<record><leader>00000cas a22000007a 4500</leader><controlfield tag="001">19753531</controlfield><controlfield tag="008">890523d19811991mouwr ne      0    0eng d</controlfield><datafield ind1=" " ind2=" " tag="010"><subfield code="a">sn 89066553 </subfield></datafield><datafield ind1=" " ind2=" " tag="040"><subfield code="a">MQN</subfield><subfield code="b">eng</subfield><subfield code="c">MQN</subfield><subfield code="d">OCLCQ</subfield></datafield><datafield ind1=" " ind2=" " tag="042"><subfield code="a">msc</subfield></datafield><datafield ind1="0" ind2=" " tag="130"><subfield code="a">Lake sun leader (Osage Beach, Mo.)</subfield></datafield><datafield ind1="1" ind2="4" tag="245"><subfield code="a">The Lake sun-leader.</subfield></datafield><datafield ind1=" " ind2=" " tag="260"><subfield code="a">Osage Beach, Mo. :</subfield><subfield code="b">Hub City Pub. Co.,</subfield><subfield code="c">1981-1991.</subfield></datafield><datafield ind1=" " ind2=" " tag="300"><subfield code="a">v.</subfield></datafield><datafield ind1=" " ind2=" " tag="310"><subfield code="a">Weekly</subfield></datafield><datafield ind1="0" ind2=" " tag="362"><subfield code="a">Vol. 8, no. 89 (Nov. 20, 1981)-v. 19, no. 16 (June 21-22, 1991).</subfield></datafield><datafield ind1=" " ind2=" " tag="500"><subfield code="a">Publication moved to Camdenton, Mo., Oct. 26, 1990.</subfield></datafield><datafield ind1=" " ind2=" " tag="515"><subfield code="a">Continues numbering of: The Lake sun.</subfield></datafield><datafield ind1=" " ind2="4" tag="651"><subfield code="a">Osage Beach (Mo.)</subfield><subfield code="v">Newspapers.</subfield></datafield><datafield ind1=" " ind2="4" tag="651"><subfield code="a">Camdenton (Mo.)</subfield><subfield code="v">Newspapers.</subfield></datafield><datafield ind1=" " ind2=" " tag="752"><subfield code="a">United States</subfield><subfield code="b">Missouri</subfield><subfield code="c">Camden</subfield><subfield code="d">Camdenton.</subfield></datafield><datafield ind1=" " ind2=" " tag="752"><subfield code="a">United States</subfield><subfield code="b">Missouri</subfield><subfield code="c">Camden</subfield><subfield code="d">Osage Beach.</subfield></datafield><datafield ind1="0" ind2="4" tag="780"><subfield code="t">Lake sun</subfield><subfield code="w">(DLC)sn 89066552</subfield></datafield><datafield ind1="0" ind2="4" tag="780"><subfield code="t">Central Missouri leader</subfield><subfield code="w">(DLC)sn 89066551</subfield></datafield><datafield ind1="0" ind2="7" tag="785"><subfield code="t">Reveille (Linn Creek, Mo.)</subfield><subfield code="w">(DLC)sn 88084187</subfield></datafield><datafield ind1="0" ind2="7" tag="785"><subfield code="t">Reveille and Lake sun leader</subfield><subfield code="w">(DLC)sn 91061166</subfield></datafield></record>